<record><leader>00000cas a22000008a 4500</leader><controlfield tag="001">41570437</controlfield><controlfield tag="008">990618c19999999inuwr n       0    0eng d</controlfield><datafield ind1=" " ind2=" " tag="010"><subfield code="a">sn 99008774 </subfield></datafield><datafield ind1=" " ind2=" " tag="040"><subfield code="a">NSD</subfield><subfield code="b">eng</subfield><subfield code="c">NSD</subfield><subfield code="d">OCLCQ</subfield></datafield><datafield ind1=" " ind2=" " tag="012"><subfield code="l">1</subfield></datafield><datafield ind1="0" ind2=" " tag="022"><subfield code="a">1525-5131</subfield></datafield><datafield ind1=" " ind2=" " tag="037"><subfield code="b">Lafayette Courier, 2012 Monon Ave., Lafayette, In 47904</subfield><subfield code="c">$25.00</subfield></datafield><datafield ind1=" " ind2=" " tag="042"><subfield code="a">msc</subfield></datafield><datafield ind1="0" ind2=" " tag="130"><subfield code="a">Lafayette courier (Lafayette, Ind. : 1999)</subfield></datafield><datafield ind1="1" ind2="4" tag="245"><subfield code="a">The Lafayette courier.</subfield></datafield><datafield ind1=" " ind2=" " tag="260"><subfield code="a">Lafayette, IN :</subfield><subfield code="b">Lafayette Courier</subfield></datafield><datafield ind1=" " ind2=" " tag="263"><subfield code="a">9908</subfield></datafield><datafield ind1=" " ind2=" " tag="300"><subfield code="a">volumes</subfield></datafield><datafield ind1=" " ind2=" " tag="310"><subfield code="a">Weekly</subfield></datafield><datafield ind1=" " ind2=" " tag="336"><subfield code="a">text</subfield><subfield code="b">txt</subfield><subfield code="2">rdacontent</subfield></datafield><datafield ind1=" " ind2=" " tag="337"><subfield code="a">unmediated</subfield><subfield code="b">n</subfield><subfield code="2">rdamedia</subfield></datafield><datafield ind1=" " ind2=" " tag="338"><subfield code="a">volume</subfield><subfield code="b">nc</subfield><subfield code="2">rdacarrier</subfield></datafield><datafield ind1=" " ind2=" " tag="752"><subfield code="a">United States</subfield><subfield code="b">Indiana</subfield><subfield code="c">Tippecanoe</subfield><subfield code="d">Lafayette.</subfield></datafield><datafield ind1=" " ind2=" " tag="936"><subfield code="a">PREPUB: publication expected: Aug. 1999</subfield></datafield></record>